@ARTICLE{ref:dummy,
   title = "{T}he {CMS} experiment at the {CERN} {LHC}",
   author = "S. Chatrchyan and others",
   journal = "JINST",
   volume = "3",
   number = "S08004",
   year = "2008",
}

@misc{fed-connections,
  title = "Connection Summary Table For Barrel",
  howpublished = {\url{http://cms.web.psi.ch/readout/fed_connections.html}},
  note = {Accessed: 2014-01-13}
}

@misc{fed-notes,
  title = "Connection Summary Table For Barrel",
  howpublished = {\url{http://cms.web.psi.ch/readout/fed_connections.html}},
  note = {Accessed: 2014-01-13}
}

@misc{ref:DPG,
  title = "CMS Tracker Detector Performance Group",
  howpublished = {\url{http://cmsdoc.cern.ch/cms/performance/tracker/}},
  note = {Accessed: 2014-01-13}
}

@misc{ref:TTI,
  title = "CMS Track Trigger Integration Group (TTI)",
  howpublished = {\url{https://twiki.cern.ch/twiki/bin/view/Sandbox/TrackTriggerIntegration}},
  note = {Accessed: 2014-01-13}
}

@article{Agostinelli:2002hh,
      author         = "Agostinelli, S. and others",
      title          = "{GEANT4: A Simulation toolkit}",
      collaboration  = "GEANT4",
      journal        = "Nucl.Instrum.Meth.",
      volume         = "A506",
      pages          = "250-303",
      doi            = "10.1016/S0168-9002(03)01368-8",
      year           = "2003",
      reportNumber   = "SLAC-PUB-9350, FERMILAB-PUB-03-339",
      SLACcitation   = "%%CITATION = NUIMA,A506,250;%%",
}